5170
5143
5984
4002
5862
4171
4528
5980
4763
5514
4885
5552
4723
5022
4935
4237
4884
5282
5963
5297
5544
4972
4757
5462
4139
4821
4792
4183
5575
5881
5984
5462
5557
5648
4123
5912
4160
4130
4768
5803
5138
5321
5210
4436
5757
5990
5713
4874
4513
4076
5831
5249
5831
5097
4844
5600
4427
4892
4092
4190
5139
4727
5110
4600
4350
4439
5290
4561
4271
5056
4412
4612
4593
5405
5971
5407
5550
5851
5306
4677
4068
5763
4912
4110
4314
4186
5869
5447
5897
4677
5616
5933
4139
4954
4194
4682
4997
4492
5686
4090
5696
4843
4395
4483
4123
5738
5802
5521
5184
5686
4525
4600
4857
4652
5167
5970
5299
4987
5386
4255
5833
4624
4103
4940
5118
